@Misc{MacTex,
  title        = "{MacTeX}",
  howpublished = "\url{https://texwiki.texjp.org/?TeXShop}"
}
@Misc{WinTex,
  title        = "{WindowsへのTeXのインストール}",
  howpublished = "\url{http://www.ic.daito.ac.jp/~mizutani/tex/install_win.html}"
}
@Misc{CloudLaTeX,
  title        = "{Cloud LaTeX}",
  howpublished = "\url{https://cloudlatex.io/ja}"
}
@Misc{Overleaf,
  title        = "{Overleaf}",
  howpublished = "\url{https://ja.overleaf.com/}"
}
@Misc{VScode,
  title        = "{VSCodeとCloud LaTeXでLaTeXの連携方法}",
  howpublished = "\url{https://nkgtt.hatenablog.jp/entry/2020/12/24/000000}"
}
@article{LOWRY1951265,
title = {PROTEIN MEASUREMENT WITH THE FOLIN PHENOL REAGENT},
journal = {Journal of Biological Chemistry},
volume = {193},
number = {1},
pages = {265-275},
year = {1951},
issn = {0021-9258},
doi = {https://doi.org/10.1016/S0021-9258(19)52451-6},
url = {https://www.sciencedirect.com/science/article/pii/S0021925819524516},
author = {OliverH. Lowry and NiraJ. Rosebrough and A. Lewis Farr and RoseJ. Randall}
}
@article{Yolo,
  author       = {Joseph Redmon and
                  Santosh Kumar Divvala and
                  Ross B. Girshick and
                  Ali Farhadi},
  title        = {You Only Look Once: Unified, Real-Time Object Detection},
  journal      = {CoRR},
  volume       = {abs/1506.02640},
  year         = {2015},
  url          = {http://arxiv.org/abs/1506.02640},
  eprinttype    = {arXiv},
  eprint       = {1506.02640},
  timestamp    = {Mon, 13 Aug 2018 16:48:08 +0200},
  biburl       = {https://dblp.org/rec/journals/corr/RedmonDGF15.bib},
  bibsource    = {dblp computer science bibliography, https://dblp.org}
}
